% článok v zborníku
@inproceedings{Bicalho2020,
	doi = {10.1109/sbgames51465.2020.00013},
	url = {https://doi.org/10.1109/sbgames51465.2020.00013},
	year = {2020},
	month = nov,
	publisher = {{IEEE}},
	author = {Luis Fernando Bicalho and Bruno Feijo and Augusto Baffa},
	title = {A Culture Model for Non-Player Characters{\textquotesingle} Behaviors in Role-Playing Games},
	booktitle = {2020 19th Brazilian Symposium on Computer Games and Digital Entertainment ({SBGames})}
}